<?xml version="1.0" encoding="UTF-8"?><record xmlns="http://www.loc.gov/MARC21/slim" xmlns:cinclude="http://apache.org/cocoon/include/1.0" xmlns:zs="http://www.loc.gov/zing/srw/">
  <leader>00542cz  a2200145n  4500</leader>
  <controlfield tag="001">n  99804048 </controlfield>
  <controlfield tag="003">DLC</controlfield>
  <controlfield tag="005">20000412050426.0</controlfield>
  <controlfield tag="008">991201n| acannaabn          |a aaa      </controlfield>
  <datafield tag="010" ind1=" " ind2=" ">
    <subfield code="a">n  99804048 </subfield>
  </datafield>
  <datafield tag="035" ind1=" " ind2=" ">
    <subfield code="a">(DNLM)1096370</subfield>
  </datafield>
  <datafield tag="040" ind1=" " ind2=" ">
    <subfield code="a">DNLM</subfield>
    <subfield code="b">eng</subfield>
    <subfield code="c">DNLM</subfield>
    <subfield code="d">Uk</subfield>
  </datafield>
  <datafield tag="100" ind1="1" ind2="0">
    <subfield code="a">Garvin, Kevin L.</subfield>
  </datafield>
  <datafield tag="400" ind1="1" ind2="0">
    <subfield code="w">nne</subfield>
    <subfield code="a">Garvin, Kevin</subfield>
  </datafield>
  <datafield tag="670" ind1=" " ind2=" ">
    <subfield code="a">Orthopaedic knowledge update. Hip and knee reconstruction 2, c1999:</subfield>
    <subfield code="b">CIP t.p. (Kevin Garvin, MD) galleys (Kevin L. Garvin; prof. of orthop. surg., Univ. Nebraska Med. Ctr., Omaha, Neb.) book t.p. (Kevin L. Garvin)</subfield>
  </datafield>
</record>